@Manual{geoNEON,
    title = {geoNEON: Geolocation Data Access for NEON Data},
    author = {{National Ecological Observatory Network}},
    year = {2020},
    note = {R package version 1.0.0},
  }

@article{keller2008continental,
  title={A continental strategy for the National Ecological Observatory Network},
  author={Keller, Michael and Schimel, David S and Hargrove, W William and Hoffman, Forrest M},
  journal={The Ecological Society of America: 282-284},
  year={2008}
}

@Manual{neonhs,
    title = {neonhs: An R package to simplify working with NEON's hyperspectral imagery},
    author = {Maxwell Joseph and Leah Wasser},
    year = {2019},
    note = {R package version 0.0.9999},
    url = {https://github.com/earthlab/neonhs},
  }

@Manual{neonUtilities,
    title = {neonUtilities: Utilities for Working with NEON Data},
    author = {Claire Lunch and Christine Laney and Nathan Mietkiewicz and Eric Sokol and Kaelin Cawley and {NEON (National Ecological Observatory Network)}},
    year = {2020},
    note = {R package version 1.3.6},
    url = {https://CRAN.R-project.org/package=neonUtilities},
  }

@Manual{R,
    title = {R: A Language and Environment for Statistical Computing},
    author = {{R Core Team}},
    organization = {R Foundation for Statistical Computing},
    address = {Vienna, Austria},
    year = {2020},
    url = {https://www.R-project.org/},
  }

@article{scholl2020integrating,
  title={Integrating national ecological observatory network (NEON) airborne remote sensing and in-situ data for optimal tree species classification},
  author={Scholl, Victoria M and Cattau, Megan E and Joseph, Maxwell B and Balch, Jennifer K},
  journal={Remote Sensing},
  volume={12},
  number={9},
  pages={1414},
  year={2020},
  publisher={Multidisciplinary Digital Publishing Institute}
}
